@book{watkins:pivoting,
  author    = "David S. Watkins",
  title     = "Fundamentals of Matrix Computations, Second Edition",
  year      = "2002",
  publisher = "John Wiley \& Sons, Inc"
}

@misc{zemke:growth,
  author    = "Jens-Peter M. Zemke",
  title     = "Numerische {M}athematik, ausgewählte {V}ertiefungen - ein {V}orlesungsskript",
  month     = "Februar",
  year      = "2014"
}

@misc{chemnitz:rounding,
  author    = "Oliver Ernst",
  title     = "Numerische {M}athematik",
  url       = "https://www.tu-chemnitz.de/mathematik/numa/lehre/numerik-2015/Folien/numerik3.pdf",
  year      = "2015",
  note      = "https://www.tu-chemnitz.de/mathematik/numa/lehre/numerik-2015/Folien/numerik3.pdf" 
}

@article{poole:cost,
  author    = "George Poole, Larry Neal",
  title     = "The Rook’s pivoting strategy",
  journal   = "Journal of Computational and Applied Mathematics",
  volume    = "123",
  issue     = "1-2",
  pages     = "353--369",
  month     = "November",
  year      = "2000",
  DOI       = "https://doi.org/10.1016/S0377-0427(00)00406-4"
}
