@Book{Watkins:2002,
    AUTHOR = {Watkins, David S.},
     TITLE = {Fundamentals of matrix computations},
    SERIES = {Pure and Applied Mathematics (New York)},
      NOTE = {Second editon},
 PUBLISHER = {Wiley-Interscience [John Wiley \& Sons], New York},
      YEAR = {2002},
     PAGES = {xiv+618},
      ISBN = {0-471-21394-2},
   MRCLASS = {65-01 (65Fxx)},
  MRNUMBER = {1899577},
       DOI = {10.1002/0471249718},
       URL = {http://dx.doi.org/10.1002/0471249718},
  LANGUAGE = {english},
}

@Article{PaigePanayotovZemke:2014,
    AUTHOR = {Paige, Christopher C. and Panayotov, Ivo and Zemke, Jens-Peter
              M.},
     TITLE = {An augmented analysis of the perturbed two-sided {Lanczos}
              tridiagonalization process},
   JOURNAL = {Linear Algebra Appl.},
  FJOURNAL = {Linear Algebra and its Applications},
    VOLUME = 447,
      YEAR = 2014,
     PAGES = {119--132},
      ISSN = {0024-3795},
   MRCLASS = {65F15 (15A21 65G50)},
  MRNUMBER = 3200211,
MRREVIEWER = {Rafikul Alam},
       DOI = {10.1016/j.laa.2013.05.009},
       URL = {http://dx.doi.org/10.1016/j.laa.2013.05.009},
  LANGUAGE = {english},
}